<?xml version="1.0" encoding="UTF-8"?><collection xmlns="http://www.loc.gov/MARC21/slim"><record><leader>00380nam--2200133-i-4500</leader><controlfield tag="001">000002792</controlfield><controlfield tag="002">20161230</controlfield><controlfield tag="005">20161230201025</controlfield><controlfield tag="008">060222s1000------------r-----000-0-eng-d</controlfield><datafield ind1=" " ind2=" " tag="080"><subfield code="a">51(075.8):62:53(075.8)</subfield></datafield><datafield ind1=" " ind2=" " tag="100"><subfield code="a">Bronwell, Arthur</subfield></datafield><datafield ind1=" " ind2=" " tag="245"><subfield code="a">Advanced mathematics in physics and engineerin g</subfield></datafield><datafield ind1=" " ind2=" " tag="260"><subfield code="a">New York, Toronto-london, Mcgraw-hill, 1953 Xvi + 476 P</subfield></datafield><datafield ind1=" " ind2=" " tag="852"><subfield code="a">10631</subfield></datafield></record></collection>